@article{rumelhart1988learning,
  title={Learning representations by back-propagating errors},
  author={Rumelhart, David E and Hinton, Geoffrey E and Williams, Ronald J and others},
  journal={Cognitive modeling},
  volume={5},
  number={3},
  pages={1},
  year={1988}
}
@misc{DeepLear69:online,
author = {},
title = {Deep Learning 101 - Part 1: History and Background},
howpublished = {\url{https://beamandrew.github.io/deeplearning/2017/02/23/deep_learning_101_part1.html}},
month = {},
year = {},
note = {(Accessed on 10/12/2017)}
}
@article{DBLP:journals/corr/McMahanMRA16,
  author    = {H. Brendan McMahan and
               Eider Moore and
               Daniel Ramage and
               Blaise Ag{\"{u}}era y Arcas},
  title     = {Federated Learning of Deep Networks using Model Averaging},
  journal   = {CoRR},
  volume    = {abs/1602.05629},
  year      = {2016},
  url       = {http://arxiv.org/abs/1602.05629},
  timestamp = {Wed, 07 Jun 2017 14:40:19 +0200},
  biburl    = {http://dblp.uni-trier.de/rec/bib/journals/corr/McMahanMRA16},
  bibsource = {dblp computer science bibliography, http://dblp.org}
}
@article{DBLP:journals/corr/KonecnyMYRSB16,
  author    = {Jakub Konecn{\'{y}} and
               H. Brendan McMahan and
               Felix X. Yu and
               Peter Richt{\'{a}}rik and
               Ananda Theertha Suresh and
               Dave Bacon},
  title     = {Federated Learning: Strategies for Improving Communication Efficiency},
  journal   = {CoRR},
  volume    = {abs/1610.05492},
  year      = {2016},
  url       = {http://arxiv.org/abs/1610.05492},
  timestamp = {Wed, 07 Jun 2017 14:41:11 +0200},
  biburl    = {http://dblp.uni-trier.de/rec/bib/journals/corr/KonecnyMYRSB16},
  bibsource = {dblp computer science bibliography, http://dblp.org}
}
@article{DBLP:journals/corr/KonecnyMRR16,
  author    = {Jakub Konecn{\'{y}} and
               H. Brendan McMahan and
               Daniel Ramage and
               Peter Richt{\'{a}}rik},
  title     = {Federated Optimization: Distributed Machine Learning for On-Device
               Intelligence},
  journal   = {CoRR},
  volume    = {abs/1610.02527},
  year      = {2016},
  url       = {http://arxiv.org/abs/1610.02527},
  timestamp = {Wed, 07 Jun 2017 14:42:24 +0200},
  biburl    = {http://dblp.uni-trier.de/rec/bib/journals/corr/KonecnyMRR16},
  bibsource = {dblp computer science bibliography, http://dblp.org}
}
@misc{cryptoeprint:2017:281,
    author = {Keith Bonawitz and Vladimir Ivanov and Ben Kreuter and Antonio Marcedone and H. Brendan McMahan and Sarvar Patel and Daniel Ramage and Aaron Segal and Karn Seth},
    title = {Practical Secure Aggregation for Privacy Preserving Machine Learning},
    howpublished = {Cryptology ePrint Archive, Report 2017/281},
    year = {2017},
    note = {\url{http://eprint.iacr.org/2017/281}},
}
@inproceedings{krizhevsky2012imagenet,
  title={Imagenet classification with deep convolutional neural networks},
  author={Krizhevsky, Alex and Sutskever, Ilya and Hinton, Geoffrey E},
  booktitle={Advances in neural information processing systems},
  pages={1097--1105},
  year={2012}
}